<?xml version="1.0" encoding="UTF-8"?>
  <record xmlns="http://www.loc.gov/MARC21/slim" type="Authority">
    <leader>00000nz  a2200000oc 4500</leader>
    <controlfield tag="001">1062916239</controlfield>
    <controlfield tag="003">DE-101</controlfield>
    <controlfield tag="005">20170224160008.0</controlfield>
    <controlfield tag="008">141201n||aznnnaabn           | aaa    |c</controlfield>
    <datafield tag="024" ind1="7" ind2=" ">
      <subfield code="a">1062916239</subfield>
      <subfield code="0">http://d-nb.info/gnd/1062916239</subfield>
      <subfield code="2">gnd</subfield>
    </datafield>
    <datafield tag="035" ind1=" " ind2=" ">
      <subfield code="a">(DE-101)1062916239</subfield>
    </datafield>
    <datafield tag="035" ind1=" " ind2=" ">
      <subfield code="a">(DE-588)1062916239</subfield>
    </datafield>
    <datafield tag="040" ind1=" " ind2=" ">
      <subfield code="a">DE-14</subfield>
      <subfield code="c">DE-14</subfield>
      <subfield code="9">r:DE-576</subfield>
      <subfield code="b">ger</subfield>
      <subfield code="d">9999</subfield>
    </datafield>
    <datafield tag="042" ind1=" " ind2=" ">
      <subfield code="a">gnd3</subfield>
    </datafield>
    <datafield tag="075" ind1=" " ind2=" ">
      <subfield code="b">p</subfield>
      <subfield code="2">gndgen</subfield>
    </datafield>
    <datafield tag="075" ind1=" " ind2=" ">
      <subfield code="b">piz</subfield>
      <subfield code="2">gndspec</subfield>
    </datafield>
    <datafield tag="079" ind1=" " ind2=" ">
      <subfield code="a">g</subfield>
      <subfield code="q">f</subfield>
    </datafield>
    <datafield tag="100" ind1="1" ind2=" ">
      <subfield code="a">Pilarik, István</subfield>
      <subfield code="d">1644-1717</subfield>
    </datafield>
    <datafield tag="400" ind1="1" ind2=" ">
      <subfield code="a">Pilarik, Stephan</subfield>
      <subfield code="d">1644-1717</subfield>
    </datafield>
    <datafield tag="400" ind1="1" ind2=" ">
      <subfield code="a">Pilarik, Stephan</subfield>
      <subfield code="c">der Jüngere</subfield>
      <subfield code="d">1644-1717</subfield>
    </datafield>
    <datafield tag="400" ind1="1" ind2=" ">
      <subfield code="a">Pilarickius, Stephanus</subfield>
      <subfield code="d">1644-1717</subfield>
    </datafield>
    <datafield tag="400" ind1="1" ind2=" ">
      <subfield code="a">Pilarick, Stephan</subfield>
      <subfield code="d">1644-1717</subfield>
    </datafield>
    <datafield tag="400" ind1="1" ind2=" ">
      <subfield code="a">Pilarik, Stefan</subfield>
      <subfield code="d">1644-1717</subfield>
    </datafield>
    <datafield tag="400" ind1="1" ind2=" ">
      <subfield code="a">Pilarik, Stephanus</subfield>
      <subfield code="d">1644-1717</subfield>
    </datafield>
    <datafield tag="400" ind1="1" ind2=" ">
      <subfield code="a">Pilárik, Štefan</subfield>
      <subfield code="d">1644-1717</subfield>
    </datafield>
    <datafield tag="400" ind1="1" ind2=" ">
      <subfield code="a">Pilárick, Stefan</subfield>
      <subfield code="d">1644-1717</subfield>
    </datafield>
    <datafield tag="400" ind1="1" ind2=" ">
      <subfield code="a">Pilarikus, Stephanus</subfield>
      <subfield code="d">1644-1717</subfield>
    </datafield>
    <datafield tag="400" ind1="1" ind2=" ">
      <subfield code="a">Pilarikius, Stephanus</subfield>
      <subfield code="d">1644-1717</subfield>
    </datafield>
    <datafield tag="500" ind1="1" ind2=" ">
      <subfield code="0">(DE-101)121111946</subfield>
      <subfield code="0">(DE-588)121111946</subfield>
      <subfield code="0">https://d-nb.info/gnd/121111946</subfield>
      <subfield code="a">Pilárik, Štefan</subfield>
      <subfield code="d">1615-1693</subfield>
      <subfield code="4">bezf</subfield>
      <subfield code="4">https://d-nb.info/standards/elementset/gnd#familialRelationship</subfield>
      <subfield code="w">r</subfield>
      <subfield code="i">Beziehung familiaer</subfield>
      <subfield code="e">Beziehung familiaer</subfield>
      <subfield code="9">v:Vater</subfield>
    </datafield>
    <datafield tag="548" ind1=" " ind2=" ">
      <subfield code="a">1644-1717</subfield>
      <subfield code="4">datl</subfield>
      <subfield code="4">https://d-nb.info/standards/elementset/gnd#dateOfBirthAndDeath</subfield>
      <subfield code="w">r</subfield>
      <subfield code="i">Lebensdaten</subfield>
      <subfield code="9">v:oder Todesjahr 1720</subfield>
    </datafield>
    <datafield tag="550" ind1=" " ind2=" ">
      <subfield code="0">(DE-101)041325923</subfield>
      <subfield code="0">(DE-588)4132592-8</subfield>
      <subfield code="0">https://d-nb.info/gnd/4132592-8</subfield>
      <subfield code="a">Pfarrer</subfield>
      <subfield code="4">berc</subfield>
      <subfield code="4">https://d-nb.info/standards/elementset/gnd#professionOrOccupation</subfield>
      <subfield code="w">r</subfield>
      <subfield code="i">Charakteristischer Beruf</subfield>
    </datafield>
    <datafield tag="551" ind1=" " ind2=" ">
      <subfield code="0">(DE-101)1005567182</subfield>
      <subfield code="0">(DE-588)7712681-6</subfield>
      <subfield code="0">https://d-nb.info/gnd/7712681-6</subfield>
      <subfield code="a">Dolná Strehová</subfield>
      <subfield code="g">Veľký Krtíš</subfield>
      <subfield code="4">ortg</subfield>
      <subfield code="4">https://d-nb.info/standards/elementset/gnd#placeOfBirth</subfield>
      <subfield code="w">r</subfield>
      <subfield code="i">Geburtsort</subfield>
    </datafield>
    <datafield tag="551" ind1=" " ind2=" ">
      <subfield code="0">(DE-101)943920957</subfield>
      <subfield code="0">(DE-588)5122535-9</subfield>
      <subfield code="0">https://d-nb.info/gnd/5122535-9</subfield>
      <subfield code="a">Röhrsdorf</subfield>
      <subfield code="g">Dohna</subfield>
      <subfield code="4">ortw</subfield>
      <subfield code="4">https://d-nb.info/standards/elementset/gnd#placeOfActivity</subfield>
      <subfield code="w">r</subfield>
      <subfield code="i">Wirkungsort</subfield>
    </datafield>
    <datafield tag="551" ind1=" " ind2=" ">
      <subfield code="0">(DE-101)943920957</subfield>
      <subfield code="0">(DE-588)5122535-9</subfield>
      <subfield code="0">https://d-nb.info/gnd/5122535-9</subfield>
      <subfield code="a">Röhrsdorf</subfield>
      <subfield code="g">Dohna</subfield>
      <subfield code="4">orts</subfield>
      <subfield code="4">https://d-nb.info/standards/elementset/gnd#placeOfDeath</subfield>
      <subfield code="w">r</subfield>
      <subfield code="i">Sterbeort</subfield>
    </datafield>
    <datafield tag="667" ind1=" " ind2=" ">
      <subfield code="a">VD-18</subfield>
    </datafield>
    <datafield tag="670" ind1=" " ind2=" ">
      <subfield code="a">UBA 485,82-99</subfield>
    </datafield>
    <datafield tag="670" ind1=" " ind2=" ">
      <subfield code="a">Wikipedia</subfield>
    </datafield>
    <datafield tag="672" ind1=" " ind2="0">
      <subfield code="a">Höchst-nöthiger, nützlicher, und in mancherley Anfechtungen bestehender Catechetischer Lehr-Grund ... nebst einem Anhang, von allerley andächtigen Seufzern; und 3 schönen Liedern, &amp;c. In Jordans-Mühl, und dahin eingepfarrten Dorffschafften, Von Ihrem Liebhaber S. P. J. Brieg, 1681. (Ujabb kiadásai. U. o., 1687. és Bautzen, 1693.).</subfield>
    </datafield>
    <datafield tag="672" ind1=" " ind2="0">
      <subfield code="a">Eine Einfältige Busz- und Raupen-Predigt, Nach Anleitung der Apostolischen Vermahnung, Schicket euch in die Zeit, Denn es ist böse Zeit, Und in Ansehung der Schrecklichen Menge dieses Ungeziefers, welches etliche Jahr her, nicht allein alle Garten- sondern auch Wald-Bäume weit und breit jämmerlich verterbet hat, und noch verterbet ... An dem Heiligen Fast-, Busz- und Bet-Tag, Den 6. Junii Anno 1681. Bey der Gemeine Christi in Jordans-Mühl gehalten und auf Begehren Buszvertiger Hertzen in den Druck gegeben Von. S. P. J. Anno M. DC. LXXXII. Brieg</subfield>
    </datafield>
    <datafield tag="672" ind1=" " ind2="0">
      <subfield code="a">Geistliche, Mit anmuthigen Kupfern gezierte Himmels-Leiter ... Zum drittenmal herausgegeben ... Gedruckt im Jahr 1706</subfield>
    </datafield>
    <datafield tag="672" ind1=" " ind2="0">
      <subfield code="a">Geistliche Seelenmusik ...</subfield>
    </datafield>
    <datafield tag="672" ind1=" " ind2="0">
      <subfield code="a">Jesuslust ...</subfield>
    </datafield>
    <datafield tag="678" ind1=" " ind2=" ">
      <subfield code="b">Ev. Theologe; aus Stregowa (Oberungarn); Pfarrer in Tyrnau, Modern und Jordansmühle (Schlesien); 1689 Substitut in Neu-Salza; ab 1693 Pfarrer in Röhrsdorf bei Pirna</subfield>
    </datafield>
  </record>
